<?xml version="1.0" encoding="UTF-8"?><record xmlns="http://www.loc.gov/MARC21/slim" xmlns:cinclude="http://apache.org/cocoon/include/1.0" xmlns:zs="http://www.loc.gov/zing/srw/">
  <leader>00649nz  a2200169n  4500</leader>
  <controlfield tag="001">nr 00000553 </controlfield>
  <controlfield tag="003">DLC</controlfield>
  <controlfield tag="005">20000113013606.0</controlfield>
  <controlfield tag="008">000106n| acannaabn          |a aac     c</controlfield>
  <datafield tag="010" ind1=" " ind2=" ">
    <subfield code="a">nr 00000553 </subfield>
  </datafield>
  <datafield tag="040" ind1=" " ind2=" ">
    <subfield code="a">NIC</subfield>
    <subfield code="b">eng</subfield>
    <subfield code="c">NIC</subfield>
  </datafield>
  <datafield tag="100" ind1="0" ind2=" ">
    <subfield code="a">Phra Rātchathammamunī</subfield>
    <subfield code="q">(Kīat)</subfield>
  </datafield>
  <datafield tag="400" ind1="0" ind2=" ">
    <subfield code="a">Rātchathammamunī</subfield>
    <subfield code="q">(Kīat),</subfield>
    <subfield code="c">Phra</subfield>
  </datafield>
  <datafield tag="400" ind1="1" ind2=" ">
    <subfield code="a">Kīat Sukitti,</subfield>
    <subfield code="c">Phra Mahā</subfield>
  </datafield>
  <datafield tag="400" ind1="0" ind2=" ">
    <subfield code="a">Sukitti,</subfield>
    <subfield code="c">Phikkhu</subfield>
  </datafield>
  <datafield tag="400" ind1="0" ind2=" ">
    <subfield code="a">Phra Rātchathammamunī (Sukitti)</subfield>
  </datafield>
  <datafield tag="670" ind1=" " ind2=" ">
    <subfield code="a">Mahā chonnabot 16 khwǣn nai chomphū thawīp, 1999:</subfield>
    <subfield code="b">t.p. (Phra Rātchathammamunī (Sukitti); biog.: real name: (Kīat); p. 54 (Phra Mahā Kīat Sukitti); Pali name: (Sukitti)</subfield>
  </datafield>
</record>